2548 3345
269 399 305 452 qu
297 361 481 449 tippeperrsua
467 379 497 430 fi
484 378 672 448 ‚lenitateplus
688 378 922 450 quamausteritate‚
936 399 1072 434 conatuum
1065 379 1136 433 stu

270 457 315 507 <lio
324 454 464 524 quaerendi
481 468 504 505 ct
513 470 641 523 1¹·epettam
653 453 926 507 moclestevindicandi
938 472 992 508 vert
984 448 1136 523 itatemplits

269 546 344 601 qnam
353 527 553 597 impugnando
547 545 623 600 atquc
636 529 836 581 condemnando
845 547 934 582 cuore
945 527 1135 582 aliotumellici.

267 601 1137 674 llisequidemadfectussensthus‚qnaetleaetatisnostraecogitans

268 678 295 731 tli
309 693 351 729 aut
359 677 509 744 disputandi
519 680 630 747 ratione,
641 695 765 749 qnantum
780 677 883 731 adillud
892 678 1051 749 potissimum
1063 697 1137 748 argu·

267 766 384 804 attentum
398 752 576 822 grauissimum
589 756 710 824 pertineq'
729 753 877 818 existimem,
897 752 1004 806 liberius
1016 770 1058 805 me
1071 753 1136 807 dice

267 843 295 879 re
306 824 378 894 polle
395 827 480 896 spero,
514 827 676 897 EnimuerO,
703 843 731 881 vt
750 828 815 892 milti
834 827 952 894 videtur,
978 845 1031 879 non
1049 827 1136 895 potuit

268 900 362 972 partim
372 917 402 952 ex
413 900 578 955 intensissimo
591 902 779 970 philosophiae,
800 903 892 972 partim
903 921 933 955 ex
944 900 1047 956 meliori
1059 900 1135 953 inter-

268 974 388 1045 pretandi
403 975 543 1043 ‘scriptores
563 982 638 1029 etlam
655 975 762 1028 diuinos
775 977 860 1029 (ludio
873 995 926 1028 non
940 977 1048 1060 prodire
1061 975 1134 1029 dubi·

269 1050 340 1103 tandi
352 1049 384 1101 de
395 1050 524 1115 capitibus
537 1049 671 1103 doctrinae
684 1049 833 1104 christianae
829 1049 983 1134 primariis,
1003 1051 1088 1104 saltem
1105 1050 1137 1113 de

266 1123 416 1191 explicandi
444 1139 488 1177 aut
515 1122 687 1193 proponendi
716 1125 760 1178 illa
783 1123 926 1197 antiquiori
951 1118 1137 1177 consuetudine

259 1196 418 1281 propensio
463 1201 492 1251 ln
509 1199 606 1270 quibus
630 1203 703 1253 locus
722 1199 754 1251 de
772 1199 880 1253 constlio
902 1197 1000 1269 diuino
1008 1197 1136 1252 excitandi

262 1272 334 1325 iuter
348 1271 474 1326 homines
485 1292 567 1327 vnum
579 1272 709 1347 aliquem,
723 1274 811 1327 ceteris
828 1271 953 1327 omnibns
968 1252 1139 1342 superiorem!

268 1365 347 1417 quem
369 1366 382 1400 a
399 1348 423 1400 se
440 1346 557 1418 missum,
587 1348 725 1418 filiumque
738 1350 812 1402 suum
830 1347 878 1401 else
895 1351 966 1401 Deus
983 1347 1036 1416 ipse
1048 1362 1136 1415 aperte

268 1421 444 1489 confieraret
467 1390 776 1476 cuisutirmamttib'ulffet
790 1438 869 1494 atque
883 1421 1036 1477 conciliallet
1048 1438 1135 1474 aucto·

204 1543 206 1545 ,
267 1497 383 1555 ritatem,
409 1497 536 1567 cuiusque
552 1515 647 1550 munus
665 1515 785 1567 opusque
802 1496 829 1550 in
843 1514 874 1549 eo
893 1495 985 1550 versari
1003 1495 1135 1549 certilhtne

267 1568 393 1623 omnibus
412 1570 557 1639 persuasum
574 1575 664 1641 vellet,
697 1589 731 1627 vt
741 1572 863 1625 homines
890 1588 981 1624 omnes
1001 1587 1047 1638 per
1065 1571 1135 1647 huuc

266 1663 349 1698 vnum
361 1645 393 1696 ad
406 1645 553 1698 felicitatem
567 1646 749 1700 omnimodam
764 1647 919 1699 ducerentur
925 1660 934 1714 3
954 1644 1079 1714 inprimis
1087 1660 1135 1695 nn-

266 1719 406 1772 merandus
420 1720 461 1773 est.
492 1722 564 1773 Haec
577 1721 688 1774 docebat
700 1720 845 1789 Scriptura3
870 1720 934 1773 haec
948 1734 1001 1770 erat
1014 1717 1134 1787 professo

266 1792 426 1865 antiquitatis
439 1795 597 1864 christianae,
611 1796 679 1848 ¹lmen
691 1795 839 1849 emendatae
852 1795 985 1852 doctrinae
997 1792 1063 1846 iuter
1076 1794 1135 1844 Pro·

263 1869 444 1935 tellantcsper
457 1870 508 1921 hoc
520 1869 612 1922 binum
636 1886 660 1921 et
679 1870 752 1939 quod
765 1868 877 1923 excurrit
890 1867 958 1920 tertii
968 1866 1046 1919 seculi
1059 1866 1134 1924 dimi-

267 1941 339 1995 dium
353 1943 459 2010 publice
469 1952 569 2012 recepta
585 1962 613 1997 ac
626 1946 736 2013 probata
750 1945 870 1996 formula.
913 1940 989 2003 Quid
1002 1958 1064 2001 vero
1076 1940 1133 2004 Phi-

265 2017 395 2088 losophia,
424 2018 488 2086 quid
507 2018 625 2071 subtilius
645 2018 762 2071 cultioris
787 2025 924 2087 exegeseos
943 2031 967 2068 et
985 2015 1134 2084 theologiae

261 2093 353 2143 omnis
378 2091 529 2145 studium?
553 2092 721 2161 Philosophia
736 2091 990 2158 ,lithtillorope'ram
1012 2090 1132 2158 inprimis
1210 2143 1213 2152 ,

261 2167 437 2220 collocauerat
451 2167 477 2218 in
496 2185 541 2234 eu,
564 2183 592 2221 vt
609 2174 727 2221 naturam
742 2166 792 2219 Dei
813 2166 963 2226 actmatius
975 2166 1132 2236 cognoscen-

264 2239 338 2308 dam,
365 2257 518 2310 argumenta
535 2240 678 2295 existentiae
691 2257 769 2311 atque
783 2240 973 2311 perfectionum
989 2240 1083 2293 summi
1094 2256 1133 2292 re·

265 2333 325 2367 rum
338 2316 458 2367 omnium
470 2314 582 2368 auctoris
594 2332 670 2389 atque
685 2312 886 2386 gubernatoris,
912 2333 1059 2386 eorumque
1078 2311 1133 2368 vim

264 2407 294 2442 ac
308 2390 421 2458 pretium
435 2390 465 2442 ad
479 2391 768 2458 amulum-ponderaret
787 2390 942 2460 firmiusque
960 2391 1131 2459 constitueret,

262 2482 289 2517 ¹et
309 2464 436 2517 rationem
456 2465 542 2517 Deutn
562 2465 665 2519 colendi
684 2467 772 2536 digno}
784 2468 859 2535 plane
877 2464 960 2523 ratodo
987 2463 1131 2532 explicaret,

264 2539 373 2592 Moralis
387 2539 569 2608 philosophiae
581 2538 681 2609 ubique
695 2540 765 2611 quast
781 2539 910 2591 renascens
924 2551 949 2592 et
961 2556 1058 2608 ntagno
1071 2558 1132 2594 cnm

263 2613 370 2666 sarnore
380 2631 518 2683 erumpens
529 2632 625 2684 aanor,r
637 2613 779 2685 implcuifl'e
790 2613 928 2669 videbatur
941 2630 1030 2668 onmes
1041 2613 1084 2683 ita,
1104 2631 1132 2672 vt
