2413 3345
617 246 794 306 ...ενδ-η

267 380 363 437 maiori
380 378 529 447 acerbitate,
543 378 629 432 immo
647 376 775 440 audatia,¹
789 385 813 431 et
830 374 949 431 inradiet
960 379 1142 440 sentientesab

267 476 317 513 ana
332 468 406 523 parte
416 452 584 508 inexcusabili
597 453 745 527 iniquitate,
766 454 853 507 nimia.
863 451 1056 523 praesumtione
1069 454 1142 516 ueri,

266 546 294 584 et
305 527 420 583 audendi
434 527 571 599 quidquid
583 529 685 583 leuitate
698 527 1006 600 controuersiasagitati3
1025 532 1058 584 ab
1067 535 1145 587 altera

265 621 354 659 autem
371 604 450 657 nimis
463 604 569 659 forsitan
583 604 682 677 negligi
694 623 726 660 ae
735 602 834 657 silendo
847 606 1026 677 potiusquam
1041 603 1157 660 fortiter

267 677 406 733 resistendo
418 678 503 736 trahit
525 697 687 763 quamquam
701 678 1145 765 4444414444114444444144,8441441,

269 754 378 827 aliique,
398 772 515 825 quotum
536 753 629 810 merita
645 753 753 827 indgnia
765 772 812 808 nec
828 754 925 811 delebit
939 755 1067 825 temporis
1078 753 1144 809 iniu

268 828 321 938 444,
341 846 389 883 nec
401 847 486 885 vacua
497 847 630 900 praemiis
634 829 762 903 relinquet
774 845 916 886 aeternitas
1011 874 1032 880 ,.
1057 876 1075 881 .,
1142 878 1143 881 ,
1181 832 1186 836 ’

544 1020 546 1024 i
654 963 690 1030 1·
719 976 800 1026 44
1142 1028 1144 1030 ,

270 1092 274 1100 .
345 1060 380 1111 At
391 1055 461 1110 enim
474 1072 552 1117 vero,
571 1057 644 1110 boue
655 1058 740 1110 Deus!
759 1073 815 1129 quo
828 1056 936 1111 tandem
940 1057 1035 1115 abibit
1035 1058 1144 1130 religio

269 1129 310 1186 nis
329 1132 427 1201 puritas
446 1144 525 1201 atque
540 1130 645 1190 vnitas?
666 1150 720 1204 quo
733 1131 870 1203 profligata
889 1132 991 1187 dolebit
1003 1135 1146 1220 posteritas

270 1206 385 1261 eiusdem
405 1204 531 1260 beneficia
548 1223 625 1292 atque
642 1207 797 1261 commoda¹
788 1220 936 1281 ,quorum
955 1211 1107 1263 maximum
1114 1224 1147 1264 ae

270 1281 575 1352 praestantiffimumest
560 1300 597 1334 m
603 1248 797 1354 tranquillitatis
807 1300 955 1335 animorum
963 1284 1072 1338 1444444444
1085 1285 1145 1338 stut-

271 1358 346 1412 datae
358 1358 438 1425 sensu,
459 1356 535 1410 etiam
548 1355 616 1410 inter
628 1357 679 1427 ipsa
693 1360 784 1409 mortis
798 1357 909 1425 pericula
923 1358 1076 1427 dulcidium,
1096 1377 1145 1413 nec

271 1432 384 1485 omnino
398 1400 516 1484 dissimile
528 1447 571 1485 aut
582 1431 777 1515 seiungendum
782 1432 815 1483 ab
826 1431 885 1499 illo,
902 1431 1039 1487 sanctitutis
1052 1452 1081 1486 ac
1091 1434 1141 1487 vit-

271 1510 332 1559 tutis
352 1507 498 1576 ingenuum
515 1524 544 1560 ac
560 1506 624 1560 nulli
644 1505 770 1576 temporis
789 1506 829 1558 vel
842 1524 946 1560 morunt
957 1506 1144 1577 deprauationi·

270 1581 363 1635 cedens
382 1582 516 1663 studium?
537 1580 583 1634 nili
596 1580 643 1634 sint
655 1582 704 1635 hac
714 1581 798 1635 nostra
811 1595 898 1647 aetate,
918 1598 1092 1652 maneantque
1105 1584 1142 1636 iu-

271 1657 418 1725 posterum,
438 1654 485 1726 qui
502 1655 585 1711 dietae
602 1653 789 1723 14414444411404444,
807 1656 868 1709 Deo
879 1670 957 1727 atque
970 1656 1022 1710 lesu
1036 1656 1142 1711 Christo

272 1731 391 1801 debitae,
412 1746 492 1800 quem
512 1732 586 1783 Patet
599 1730 745 1822 proposuit
758 1728 845 1782 nobia-
856 1742 934 1801 atque
944 1732 1142 1785 commendauit

272 1822 396 1889 tauquam
407 1802 498 1889 Χριςον
508 1800 551 1864 nair
561 1801 672 1878 Κύριον,
683 1805 871 1858 44444144444444
869 1803 929 1856 cels
923 1805 1033 1876 tudine,
1051 1821 1144 1874 poten-

269 1880 303 1934 444
319 1897 343 1934 et
355 1881 439 1952 gloria
451 1880 584 1939 indutum,
604 1826 736 1934 i'anctum
729 1896 770 1933 tus
772 1879 1039 1949 atqueneceffitatem
1053 1899 1134 1952 agno·

268 1956 344 2022 scatit,
364 1956 396 2010 ad
415 1972 534 2024 eantque
545 1955 618 2009 omni
638 1955 723 2011 modo
746 1946 974 2008 demonstrandam
1003 1955 1144 2013 facillimus

269 2031 293 2084 se
310 2031 463 2099 praebeant.
485 2034 585 2102 Atque
603 2030 729 2084 concedat
745 2029 832 2096 hoc,
843 2046 970 2099 curetque
982 2029 1009 2082 in
1026 2029 1111 2084 eccles
1103 2048 1145 2083 ae

271 2105 330 2158 sarae
344 2110 561 2176 emolumentum,
574 2104 597 2159 is
612 2105 685 2160 euius
698 2104 732 2199 eli
744 2103 878 2158 consilium
890 2102 958 2202 iliud
970 2101 1141 2166 immutabile

635 2201 693 2304 i·
718 2251 760 2331 ,²5·
838 2298 861 2302 ,.
908 2296 914 2302 4,

312 2336 425 2407 Qtae
439 2349 497 2385 cum
510 2330 544 2386 ita
556 2352 569 2387 a
578 2331 670 2403 nobis,
683 2328 732 2401 pro
745 2331 871 2406 temporis
884 2351 915 2387 44
928 2332 1029 2386 vitium
1041 2325 1143 2384 tatione·

270 2354 433 2479 disputatas
426 2423 476 2472 rut,
496 2424 593 2481 aequos
605 2424 647 2461 tet
659 2408 772 2462 arbutos
785 2426 919 2479 rogamus
939 2423 968 2463 vt
978 2405 1095 2459 tudtceut
1106 2425 1142 2460 444
1183 2419 1185 2422 ·

269 2485 335 2539 haee
347 2482 460 2552 Domini
476 2483 568 2536 nostri
574 2482 628 2536 Iesu
646 2481 783 2537 Christi
758 2502 800 2555 pta
819 2484 960 2549 veneratio,
991 2475 1139 2533 414414414-

271 2558 342 2611 trine
359 2559 468 2614 nomine
486 2557 577 2613 notari
591 2560 737 2621 mereatur?
760 2560 840 2621 Haec
856 2555 927 2610 enirn
945 2555 992 2627 ipsi
1008 2558 1139 2623 4444401144
